@article{ShapleyValues,
  author       = {Lloyd Shapley},
  title        = {Notes on the n-Person Game -- II: The Value of an n-Person Game},
  journal      = {Santa Monica, Calif.: RAND Corporation},
  year         = {1951},
  url          = {https://www.rand.org/content/dam/rand/pubs/research_memoranda/2008/RM670.pdf},
  eprinttype    = {arXiv},
  eprint       = {2004.05150},
  timestamp    = {21 Aug 1951},
}

