@inproceedings{DBLP:conf/iccv/0007CWYSJTFY21,
  author       = {Li Yuan and
                  Yunpeng Chen and
                  Tao Wang and
                  Weihao Yu and
                  Yujun Shi and
                  Zihang Jiang and
                  Francis E. H. Tay and
                  Jiashi Feng and
                  Shuicheng Yan},
  title        = {Tokens-to-Token ViT: Training Vision Transformers from Scratch on
                  ImageNet},
  booktitle    = {2021 {IEEE/CVF} International Conference on Computer Vision, {ICCV}
                  2021, Montreal, QC, Canada, October 10-17, 2021},
  pages        = {538--547},
  publisher    = {{IEEE}},
  year         = {2021},
  url          = {https://doi.org/10.1109/ICCV48922.2021.00060},
  doi          = {10.1109/ICCV48922.2021.00060},
  timestamp    = {Thu, 21 Mar 2024 22:28:57 +0100},
  biburl       = {https://dblp.org/rec/conf/iccv/0007CWYSJTFY21.bib},
  bibsource    = {dblp computer science bibliography, https://dblp.org}
}

