@article{DBLP:journals/corr/abs-2007-07584,
  author       = {An{-}phi Nguyen and
                  Mar{\'{\i}}a Rodr{\'{\i}}guez Mart{\'{\i}}nez},
  title        = {On quantitative aspects of model interpretability},
  journal      = {CoRR},
  volume       = {abs/2007.07584},
  year         = {2020},
  url          = {https://arxiv.org/abs/2007.07584},
  eprinttype    = {arXiv},
  eprint       = {2007.07584},
  timestamp    = {Sun, 02 Oct 2022 15:32:02 +0200},
  biburl       = {https://dblp.org/rec/journals/corr/abs-2007-07584.bib},
  bibsource    = {dblp computer science bibliography, https://dblp.org}
}

