@article{DBLP:journals/corr/abs-2306-07303,
  author       = {Saidul Islam and
                  Hanae Elmekki and
                  Ahmed Elsebai and
                  Jamal Bentahar and
                  Nagat Drawel and
                  Gaith Rjoub and
                  Witold Pedrycz},
  title        = {A Comprehensive Survey on Applications of Transformers for Deep Learning
                  Tasks},
  journal      = {CoRR},
  volume       = {abs/2306.07303},
  year         = {2023},
  url          = {https://doi.org/10.48550/arXiv.2306.07303},
  doi          = {10.48550/ARXIV.2306.07303},
  eprinttype    = {arXiv},
  eprint       = {2306.07303},
  timestamp    = {Sat, 17 Jun 2023 18:52:05 +0200},
  biburl       = {https://dblp.org/rec/journals/corr/abs-2306-07303.bib},
  bibsource    = {dblp computer science bibliography, https://dblp.org}
}

