@inproceedings{DBLP:conf/nips/Alvarez-MelisJ18,
  author       = {David Alvarez{-}Melis and
                  Tommi S. Jaakkola},
  editor       = {Samy Bengio and
                  Hanna M. Wallach and
                  Hugo Larochelle and
                  Kristen Grauman and
                  Nicol{\`{o}} Cesa{-}Bianchi and
                  Roman Garnett},
  title        = {Towards Robust Interpretability with Self-Explaining Neural Networks},
  booktitle    = {Advances in Neural Information Processing Systems 31: Annual Conference
                  on Neural Information Processing Systems 2018, NeurIPS 2018, December
                  3-8, 2018, Montr{\'{e}}al, Canada},
  pages        = {7786--7795},
  year         = {2018},
  url          = {https://proceedings.neurips.cc/paper/2018/hash/3e9f0fc9b2f89e043bc6233994dfcf76-Abstract.html},
  timestamp    = {Mon, 16 May 2022 15:41:51 +0200},
  biburl       = {https://dblp.org/rec/conf/nips/Alvarez-MelisJ18.bib},
  bibsource    = {dblp computer science bibliography, https://dblp.org}
}

