@article{Characterization,
  author       = {A. Charnes and B. Golany and M. Keane and J. Rousseau},
  title        = {Extremal Principle Solutions of Games in Characteristic Function Form: Core, Chebychev and Shapley Value Generalizations},
  journal      = { Advanced Studies in Theoretical and Applied Econometrics ((ASTA,volume 11))},
  year         = {1951},
  url          = {https://link.springer.com/chapter/10.1007/978-94-009-3677-5_7},
  eprinttype    = {arXiv},
  eprint       = {2004.05150},
  timestamp    = {1988},
}

