@inproceedings{DBLP:conf/cvpr/CheferGW21,
  author       = {Hila Chefer and
                  Shir Gur and
                  Lior Wolf},
  title        = {Transformer Interpretability Beyond Attention Visualization},
  booktitle    = {{IEEE} Conference on Computer Vision and Pattern Recognition, {CVPR}
                  2021, virtual, June 19-25, 2021},
  pages        = {782--791},
  publisher    = {Computer Vision Foundation / {IEEE}},
  year         = {2021},
  url          = {https://openaccess.thecvf.com/content/CVPR2021/html/Chefer\_Transformer\_Interpretability\_Beyond\_Attention\_Visualization\_CVPR\_2021\_paper.html},
  doi          = {10.1109/CVPR46437.2021.00084},
  timestamp    = {Mon, 18 Jul 2022 16:47:40 +0200},
  biburl       = {https://dblp.org/rec/conf/cvpr/CheferGW21.bib},
  bibsource    = {dblp computer science bibliography, https://dblp.org}
}

