@inproceedings{DBLP:conf/iclr/Covert0L23,
  author       = {Ian Connick Covert and
                  Chanwoo Kim and
                  Su{-}In Lee},
  title        = {Learning to Estimate Shapley Values with Vision Transformers},
  booktitle    = {The Eleventh International Conference on Learning Representations,
                  {ICLR} 2023, Kigali, Rwanda, May 1-5, 2023},
  publisher    = {OpenReview.net},
  year         = {2023},
  url          = {https://openreview.net/pdf?id=5ktFNz\_pJLK},
  timestamp    = {Fri, 30 Jun 2023 14:55:53 +0200},
  biburl       = {https://dblp.org/rec/conf/iclr/Covert0L23.bib},
  bibsource    = {dblp computer science bibliography, https://dblp.org}
}

