@inproceedings{DBLP:conf/iclr/FryeMBCSF21,
  author       = {Christopher Frye and
                  Damien de Mijolla and
                  Tom Begley and
                  Laurence Cowton and
                  Megan Stanley and
                  Ilya Feige},
  title        = {Shapley explainability on the data manifold},
  booktitle    = {9th International Conference on Learning Representations, {ICLR} 2021,
                  Virtual Event, Austria, May 3-7, 2021},
  publisher    = {OpenReview.net},
  year         = {2021},
  url          = {https://openreview.net/forum?id=OPyWRrcjVQw},
  timestamp    = {Wed, 23 Jun 2021 17:36:39 +0200},
  biburl       = {https://dblp.org/rec/conf/iclr/FryeMBCSF21.bib},
  bibsource    = {dblp computer science bibliography, https://dblp.org}
}

