@inproceedings{DBLP:conf/nips/HookerEKK19,
  author       = {Sara Hooker and
                  Dumitru Erhan and
                  Pieter{-}Jan Kindermans and
                  Been Kim},
  editor       = {Hanna M. Wallach and
                  Hugo Larochelle and
                  Alina Beygelzimer and
                  Florence d'Alch{\'{e}}{-}Buc and
                  Emily B. Fox and
                  Roman Garnett},
  title        = {A Benchmark for Interpretability Methods in Deep Neural Networks},
  booktitle    = {Advances in Neural Information Processing Systems 32: Annual Conference
                  on Neural Information Processing Systems 2019, NeurIPS 2019, December
                  8-14, 2019, Vancouver, BC, Canada},
  pages        = {9734--9745},
  year         = {2019},
  url          = {https://proceedings.neurips.cc/paper/2019/hash/fe4b8556000d0f0cae99daa5c5c5a410-Abstract.html},
  timestamp    = {Mon, 16 May 2022 15:41:51 +0200},
  biburl       = {https://dblp.org/rec/conf/nips/HookerEKK19.bib},
  bibsource    = {dblp computer science bibliography, https://dblp.org}
}

