@inproceedings{DBLP:conf/iclr/JethaniSCLR22,
  author       = {Neil Jethani and
                  Mukund Sudarshan and
                  Ian Connick Covert and
                  Su{-}In Lee and
                  Rajesh Ranganath},
  title        = {FastSHAP: Real-Time Shapley Value Estimation},
  booktitle    = {The Tenth International Conference on Learning Representations, {ICLR}
                  2022, Virtual Event, April 25-29, 2022},
  publisher    = {OpenReview.net},
  year         = {2022},
  url          = {https://openreview.net/forum?id=Zq2G\_VTV53T},
  timestamp    = {Sat, 20 Aug 2022 01:15:42 +0200},
  biburl       = {https://dblp.org/rec/conf/iclr/JethaniSCLR22.bib},
  bibsource    = {dblp computer science bibliography, https://dblp.org}
}

