@inproceedings{DBLP:conf/cvpr/LinDGHHB17,
  author       = {Tsung{-}Yi Lin and
                  Piotr Doll{\'{a}}r and
                  Ross B. Girshick and
                  Kaiming He and
                  Bharath Hariharan and
                  Serge J. Belongie},
  title        = {Feature Pyramid Networks for Object Detection},
  booktitle    = {2017 {IEEE} Conference on Computer Vision and Pattern Recognition,
                  {CVPR} 2017, Honolulu, HI, USA, July 21-26, 2017},
  pages        = {936--944},
  publisher    = {{IEEE} Computer Society},
  year         = {2017},
  url          = {https://doi.org/10.1109/CVPR.2017.106},
  doi          = {10.1109/CVPR.2017.106},
  timestamp    = {Fri, 24 Mar 2023 00:02:56 +0100},
  biburl       = {https://dblp.org/rec/conf/cvpr/LinDGHHB17.bib},
  bibsource    = {dblp computer science bibliography, https://dblp.org}
}

