@inproceedings{DBLP:conf/iccv/LiuL00W0LG21,
  author       = {Ze Liu and
                  Yutong Lin and
                  Yue Cao and
                  Han Hu and
                  Yixuan Wei and
                  Zheng Zhang and
                  Stephen Lin and
                  Baining Guo},
  title        = {Swin Transformer: Hierarchical Vision Transformer using Shifted Windows},
  booktitle    = {2021 {IEEE/CVF} International Conference on Computer Vision, {ICCV}
                  2021, Montreal, QC, Canada, October 10-17, 2021},
  pages        = {9992--10002},
  publisher    = {{IEEE}},
  year         = {2021},
  url          = {https://doi.org/10.1109/ICCV48922.2021.00986},
  doi          = {10.1109/ICCV48922.2021.00986},
  timestamp    = {Mon, 05 Jun 2023 16:18:23 +0200},
  biburl       = {https://dblp.org/rec/conf/iccv/LiuL00W0LG21.bib},
  bibsource    = {dblp computer science bibliography, https://dblp.org}
}

