@inproceedings{DBLP:conf/nips/LundbergL17,
  author       = {Scott M. Lundberg and
                  Su{-}In Lee},
  editor       = {Isabelle Guyon and
                  Ulrike von Luxburg and
                  Samy Bengio and
                  Hanna M. Wallach and
                  Rob Fergus and
                  S. V. N. Vishwanathan and
                  Roman Garnett},
  title        = {A Unified Approach to Interpreting Model Predictions},
  booktitle    = {Advances in Neural Information Processing Systems 30: Annual Conference
                  on Neural Information Processing Systems 2017, December 4-9, 2017,
                  Long Beach, CA, {USA}},
  pages        = {4765--4774},
  year         = {2017},
  url          = {https://proceedings.neurips.cc/paper/2017/hash/8a20a8621978632d76c43dfd28b67767-Abstract.html},
  timestamp    = {Thu, 21 Jan 2021 15:15:21 +0100},
  biburl       = {https://dblp.org/rec/conf/nips/LundbergL17.bib},
  bibsource    = {dblp computer science bibliography, https://dblp.org}
}

