@inproceedings{DBLP:conf/nips/NaseerRKHKY21,
  author       = {Muzammal Naseer and
                  Kanchana Ranasinghe and
                  Salman Khan and
                  Munawar Hayat and
                  Fahad Shahbaz Khan and
                  Ming{-}Hsuan Yang},
  editor       = {Marc'Aurelio Ranzato and
                  Alina Beygelzimer and
                  Yann N. Dauphin and
                  Percy Liang and
                  Jennifer Wortman Vaughan},
  title        = {Intriguing Properties of Vision Transformers},
  booktitle    = {Advances in Neural Information Processing Systems 34: Annual Conference
                  on Neural Information Processing Systems 2021, NeurIPS 2021, December
                  6-14, 2021, virtual},
  pages        = {23296--23308},
  year         = {2021},
  url          = {https://proceedings.neurips.cc/paper/2021/hash/c404a5adbf90e09631678b13b05d9d7a-Abstract.html},
  timestamp    = {Tue, 03 May 2022 16:20:49 +0200},
  biburl       = {https://dblp.org/rec/conf/nips/NaseerRKHKY21.bib},
  bibsource    = {dblp computer science bibliography, https://dblp.org}
}

