@inproceedings{DBLP:conf/icml/ParmarVUKSKT18,
  author       = {Niki Parmar and
                  Ashish Vaswani and
                  Jakob Uszkoreit and
                  Lukasz Kaiser and
                  Noam Shazeer and
                  Alexander Ku and
                  Dustin Tran},
  editor       = {Jennifer G. Dy and
                  Andreas Krause},
  title        = {Image Transformer},
  booktitle    = {Proceedings of the 35th International Conference on Machine Learning,
                  {ICML} 2018, Stockholmsm{\"{a}}ssan, Stockholm, Sweden, July 10-15,
                  2018},
  series       = {Proceedings of Machine Learning Research},
  volume       = {80},
  pages        = {4052--4061},
  publisher    = {{PMLR}},
  year         = {2018},
  url          = {http://proceedings.mlr.press/v80/parmar18a.html},
  timestamp    = {Wed, 03 Apr 2019 18:17:30 +0200},
  biburl       = {https://dblp.org/rec/conf/icml/ParmarVUKSKT18.bib},
  bibsource    = {dblp computer science bibliography, https://dblp.org}
}

