@inproceedings{DBLP:conf/icml/RongLBKK22,
  author       = {Yao Rong and
                  Tobias Leemann and
                  Vadim Borisov and
                  Gjergji Kasneci and
                  Enkelejda Kasneci},
  editor       = {Kamalika Chaudhuri and
                  Stefanie Jegelka and
                  Le Song and
                  Csaba Szepesv{\'{a}}ri and
                  Gang Niu and
                  Sivan Sabato},
  title        = {A Consistent and Efficient Evaluation Strategy for Attribution Methods},
  booktitle    = {International Conference on Machine Learning, {ICML} 2022, 17-23 July
                  2022, Baltimore, Maryland, {USA}},
  series       = {Proceedings of Machine Learning Research},
  volume       = {162},
  pages        = {18770--18795},
  publisher    = {{PMLR}},
  year         = {2022},
  url          = {https://proceedings.mlr.press/v162/rong22a.html},
  timestamp    = {Tue, 12 Jul 2022 17:36:52 +0200},
  biburl       = {https://dblp.org/rec/conf/icml/RongLBKK22.bib},
  bibsource    = {dblp computer science bibliography, https://dblp.org}
}

