@inproceedings{DBLP:conf/miccai/RonnebergerFB15,
  author       = {Olaf Ronneberger and
                  Philipp Fischer and
                  Thomas Brox},
  editor       = {Nassir Navab and
                  Joachim Hornegger and
                  William M. Wells III and
                  Alejandro F. Frangi},
  title        = {U-Net: Convolutional Networks for Biomedical Image Segmentation},
  booktitle    = {Medical Image Computing and Computer-Assisted Intervention - {MICCAI}
                  2015 - 18th International Conference Munich, Germany, October 5 -
                  9, 2015, Proceedings, Part {III}},
  series       = {Lecture Notes in Computer Science},
  volume       = {9351},
  pages        = {234--241},
  publisher    = {Springer},
  year         = {2015},
  url          = {https://doi.org/10.1007/978-3-319-24574-4\_28},
  doi          = {10.1007/978-3-319-24574-4\_28},
  timestamp    = {Mon, 03 Jan 2022 22:36:27 +0100},
  biburl       = {https://dblp.org/rec/conf/miccai/RonnebergerFB15.bib},
  bibsource    = {dblp computer science bibliography, https://dblp.org}
}

