@inproceedings{DBLP:conf/ijcai/RozemberczkiWBY22,
  author       = {Benedek Rozemberczki and
                  Lauren Watson and
                  P{\'{e}}ter Bayer and
                  Hao{-}Tsung Yang and
                  Oliver Kiss and
                  Sebastian Nilsson and
                  Rik Sarkar},
  editor       = {Luc De Raedt},
  title        = {The Shapley Value in Machine Learning},
  booktitle    = {Proceedings of the Thirty-First International Joint Conference on
                  Artificial Intelligence, {IJCAI} 2022, Vienna, Austria, 23-29 July
                  2022},
  pages        = {5572--5579},
  publisher    = {ijcai.org},
  year         = {2022},
  url          = {https://doi.org/10.24963/ijcai.2022/778},
  doi          = {10.24963/IJCAI.2022/778},
  timestamp    = {Tue, 07 May 2024 20:06:02 +0200},
  biburl       = {https://dblp.org/rec/conf/ijcai/RozemberczkiWBY22.bib},
  bibsource    = {dblp computer science bibliography, https://dblp.org}
}

