@inproceedings{DBLP:conf/acl/SerranoS19,
  author       = {Sofia Serrano and
                  Noah A. Smith},
  editor       = {Anna Korhonen and
                  David R. Traum and
                  Llu{\'{\i}}s M{\`{a}}rquez},
  title        = {Is Attention Interpretable?},
  booktitle    = {Proceedings of the 57th Conference of the Association for Computational
                  Linguistics, {ACL} 2019, Florence, Italy, July 28- August 2, 2019,
                  Volume 1: Long Papers},
  pages        = {2931--2951},
  publisher    = {Association for Computational Linguistics},
  year         = {2019},
  url          = {https://doi.org/10.18653/v1/p19-1282},
  doi          = {10.18653/V1/P19-1282},
  timestamp    = {Fri, 06 Aug 2021 00:41:01 +0200},
  biburl       = {https://dblp.org/rec/conf/acl/SerranoS19.bib},
  bibsource    = {dblp computer science bibliography, https://dblp.org}
}

