@inproceedings{DBLP:conf/nips/SutskeverVL14,
  author       = {Ilya Sutskever and
                  Oriol Vinyals and
                  Quoc V. Le},
  editor       = {Zoubin Ghahramani and
                  Max Welling and
                  Corinna Cortes and
                  Neil D. Lawrence and
                  Kilian Q. Weinberger},
  title        = {Sequence to Sequence Learning with Neural Networks},
  booktitle    = {Advances in Neural Information Processing Systems 27: Annual Conference
                  on Neural Information Processing Systems 2014, December 8-13 2014,
                  Montreal, Quebec, Canada},
  pages        = {3104--3112},
  year         = {2014},
  url          = {https://proceedings.neurips.cc/paper/2014/hash/a14ac55a4f27472c5d894ec1c3c743d2-Abstract.html},
  timestamp    = {Mon, 16 May 2022 15:41:51 +0200},
  biburl       = {https://dblp.org/rec/conf/nips/SutskeverVL14.bib},
  bibsource    = {dblp computer science bibliography, https://dblp.org}
}

