@inproceedings{DBLP:conf/aistats/TaufiqBM23,
  author       = {Muhammad Faaiz Taufiq and
                  Patrick Bl{\"{o}}baum and
                  Lenon Minorics},
  editor       = {Francisco J. R. Ruiz and
                  Jennifer G. Dy and
                  Jan{-}Willem van de Meent},
  title        = {Manifold Restricted Interventional Shapley Values},
  booktitle    = {International Conference on Artificial Intelligence and Statistics,
                  25-27 April 2023, Palau de Congressos, Valencia, Spain},
  series       = {Proceedings of Machine Learning Research},
  volume       = {206},
  pages        = {5079--5106},
  publisher    = {{PMLR}},
  year         = {2023},
  url          = {https://proceedings.mlr.press/v206/taufiq23a.html},
  timestamp    = {Mon, 19 Jun 2023 16:44:26 +0200},
  biburl       = {https://dblp.org/rec/conf/aistats/TaufiqBM23.bib},
  bibsource    = {dblp computer science bibliography, https://dblp.org}
}

