@article{DBLP:journals/csur/TayDBM23,
  author       = {Yi Tay and
                  Mostafa Dehghani and
                  Dara Bahri and
                  Donald Metzler},
  title        = {Efficient Transformers: {A} Survey},
  journal      = {{ACM} Comput. Surv.},
  volume       = {55},
  number       = {6},
  pages        = {109:1--109:28},
  year         = {2023},
  url          = {https://doi.org/10.1145/3530811},
  doi          = {10.1145/3530811},
  timestamp    = {Mon, 28 Aug 2023 21:19:32 +0200},
  biburl       = {https://dblp.org/rec/journals/csur/TayDBM23.bib},
  bibsource    = {dblp computer science bibliography, https://dblp.org}
}

