@inproceedings{DBLP:conf/nips/YehHSIR19,
  author       = {Chih{-}Kuan Yeh and
                  Cheng{-}Yu Hsieh and
                  Arun Sai Suggala and
                  David I. Inouye and
                  Pradeep Ravikumar},
  editor       = {Hanna M. Wallach and
                  Hugo Larochelle and
                  Alina Beygelzimer and
                  Florence d'Alch{\'{e}}{-}Buc and
                  Emily B. Fox and
                  Roman Garnett},
  title        = {On the (In)fidelity and Sensitivity of Explanations},
  booktitle    = {Advances in Neural Information Processing Systems 32: Annual Conference
                  on Neural Information Processing Systems 2019, NeurIPS 2019, December
                  8-14, 2019, Vancouver, BC, Canada},
  pages        = {10965--10976},
  year         = {2019},
  url          = {https://proceedings.neurips.cc/paper/2019/hash/a7471fdc77b3435276507cc8f2dc2569-Abstract.html},
  timestamp    = {Mon, 16 May 2022 15:41:51 +0200},
  biburl       = {https://dblp.org/rec/conf/nips/YehHSIR19.bib},
  bibsource    = {dblp computer science bibliography, https://dblp.org}
}

